@ONLINE{wiki,
author = {FU Berlin},
title = {BA2 - Gamma-Spektrometrie},
month = March,
year = {2014},
url = {https://wiki.physik.fu-berlin.de/fp/},
}

@ONLINE{wikipedia,
author = {wikipedia},
title = {Ionisations-Wirkungsquerschnitt als Funktion der Photonenenergie},
month = May,
year = {2009},
url = {https://de.wikipedia.org/wiki/Photoelektrischer_Effekt/},
}

@book{kleinknecht,
  title={Detektoren f{\"u}r Teilchenstrahlung},
  author={Kleinknecht, K.},
  isbn={9783835100589},
  series={Teubner Studienb{\"u}cher Physik},
  year={1984},
  publisher={B. G. Teubner, Stuttgart}
}

@book{nicoletti,
  title={Messtechnik und Instrumentierung in der Nuklearmedizin: eine Einf{\"u}hrung},
  author={Nicoletti, R. and Oberladst{\"a}tter, M. and K{\"o}nig, F.},
  isbn={9783850767958},
  year={2007},
  publisher={Facultas}
}

@article{fano,
  title = {Scattering by ionization and phonon emission in semiconductors},
  author = {Alig, R. C. and Bloom, S. and Struck, C. W.},
  journal = {Phys. Rev. B},
  volume = {22},
  issue = {12},
  pages = {5565--5582},
  numpages = {18},
  year = {1980},
  month = {Dec},
  publisher = {American Physical Society},
  doi = {10.1103/PhysRevB.22.5565},
  url = {http://link.aps.org/doi/10.1103/PhysRevB.22.5565}
}

@book{kuckuk,
  Author = {Theo Mayer-Kuckuk},
  Title = {Atomphysik: Eine Einführung (Teubner Studienbücher Physik) (German Edition)},
  Publisher = {Vieweg+Teubner Verlag},
  Year = {1997},
  ISBN = {3519430428},
 }

@book{schatz,
  title={Nukleare Festk{\"o}rperphysik: kernphysikalische Messmethoden und ihre Anwendungen},
  author={G{\"u}nter Schatz and Alois Weidinger},
  isbn={9783519230793},
  series={Teubner-Studienb{\"u}cher : Physik},
  year={1997},
  publisher={Teubner}
}


@book{harvey,
  title={Kernphysik und Kernchemie (Introduction to nuclear physics and chemistry, dt.) Eine Einf},
  author={Harvey, B.G. and Kolb, M.},
  year={1966}
}

@book{marmier,
  title={Kernphysik, 1. Vorlesungen von P. Marmier},
  author={Marmier, P. and Sheldon, E. and Szostak, R.},
  year={1960},
  publisher={Z{\"u}rich}
}



